@inproceedings{conitzer2006computing,
  title={Computing the optimal strategy to commit to},
  author={Conitzer, Vincent and Sandholm, Tuomas},
  booktitle={Proceedings of the 7th ACM conference on Electronic commerce},
  pages={82--90},
  year={2006},
  organization={ACM}
}

